<record><leader>00000cas a2200000 a 4500</leader><controlfield tag="001">21388716</controlfield><controlfield tag="008">900418d19621962gaudn ne      0    0eng c</controlfield><datafield ind1=" " ind2=" " tag="010"><subfield code="a">sn 89053940 </subfield></datafield><datafield ind1=" " ind2=" " tag="040"><subfield code="a">NLG</subfield><subfield code="b">eng</subfield><subfield code="c">NLG</subfield><subfield code="d">GUA</subfield><subfield code="d">OCLCQ</subfield><subfield code="d">OCLCO</subfield><subfield code="d">OCLCA</subfield><subfield code="d">OCLCF</subfield></datafield><datafield ind1="1" ind2=" " tag="029"><subfield code="a">AU@</subfield><subfield code="b">000020577152</subfield></datafield><datafield ind1=" " ind2=" " tag="042"><subfield code="a">pcc</subfield></datafield><datafield ind1=" " ind2=" " tag="043"><subfield code="a">n-us-ga</subfield></datafield><datafield ind1="0" ind2="4" tag="245"><subfield code="a">The Dalton daily news.</subfield></datafield><datafield ind1=" " ind2=" " tag="260"><subfield code="a">Dalton, Ga. :</subfield><subfield code="b">L.A. Lee,</subfield><subfield code="c">[1962]</subfield></datafield><datafield ind1=" " ind2=" " tag="300"><subfield code="a">v.</subfield></datafield><datafield ind1=" " ind2=" " tag="310"><subfield code="a">Daily (except Sat., Sun., and major holidays)</subfield></datafield><datafield ind1="0" ind2=" " tag="362"><subfield code="a">Vol. 1, no. 1 (Apr. 2, 1962)-v. 1, no. 177 (Dec. 6, 1962).</subfield></datafield><datafield ind1=" " ind2=" " tag="530"><subfield code="a">Also on microfilm: Athens, Ga. : University of Georgia Libraries.</subfield></datafield><datafield ind1=" " ind2=" " tag="580"><subfield code="a">Merged with: Dalton citizen, to form: Daily citizen-news.</subfield></datafield><datafield ind1=" " ind2="0" tag="651"><subfield code="a">Dalton (Whitfield County, Ga.)</subfield><subfield code="v">Newspapers.</subfield></datafield><datafield ind1=" " ind2="0" tag="651"><subfield code="a">Whitfield County (Ga.)</subfield><subfield code="v">Newspapers.</subfield></datafield><datafield ind1=" " ind2="7" tag="655"><subfield code="a">Newspapers.</subfield><subfield code="2">fast</subfield><subfield code="0">(OCoLC)fst01423814</subfield></datafield><datafield ind1=" " ind2="7" tag="651"><subfield code="a">Georgia</subfield><subfield code="z">Dalton (Whitfield County)</subfield><subfield code="2">fast</subfield><subfield code="0">(OCoLC)fst01729450</subfield></datafield><datafield ind1=" " ind2="7" tag="651"><subfield code="a">Georgia</subfield><subfield code="z">Whitfield County.</subfield><subfield code="2">fast</subfield><subfield code="0">(OCoLC)fst01214632</subfield></datafield><datafield ind1=" " ind2=" " tag="752"><subfield code="a">United States</subfield><subfield code="b">Georgia</subfield><subfield code="c">Whitfield</subfield><subfield code="d">Dalton.</subfield></datafield><datafield ind1="0" ind2="0" tag="780"><subfield code="t">Dalton news</subfield><subfield code="w">(DLC)sn 82014933</subfield><subfield code="w">(OCoLC)8805092</subfield></datafield><datafield ind1="1" ind2="7" tag="785"><subfield code="t">Dalton citizen</subfield><subfield code="w">(DLC)sn8900053941</subfield><subfield code="w">(OCoLC)21388669</subfield></datafield><datafield ind1="1" ind2="7" tag="785"><subfield code="t">Daily citizen-news</subfield><subfield code="w">(DLC)sn8900053942</subfield><subfield code="w">(OCoLC)21388790</subfield></datafield></record>